@article{chen_variants_2012,
	title = {Variants of {Dynamic} {Mode} {Decomposition}: {Boundary} {Condition}, {Koopman}, and {Fourier} {Analyses}},
	volume = {22},
	issn = {0938-8974, 1432-1467},
	shorttitle = {Variants of {Dynamic} {Mode} {Decomposition}},
	url = {http://link.springer.com/10.1007/s00332-012-9130-9},
	doi = {10.1007/s00332-012-9130-9},
	language = {en},
	number = {6},
	urldate = {2022-11-29},
	journal = {Journal of Nonlinear Science},
	author = {Chen, Kevin K. and Tu, Jonathan H. and Rowley, Clarence W.},
	month = dec,
	year = {2012},
	pages = {887--915},
}

@article{rowley_spectral_2009,
	title = {Spectral analysis of nonlinear flows},
	volume = {641},
	issn = {0022-1120, 1469-7645},
	url = {https://www.cambridge.org/core/product/identifier/S0022112009992059/type/journal_article},
	doi = {10.1017/S0022112009992059},
	language = {en},
	urldate = {2022-11-10},
	journal = {Journal of Fluid Mechanics},
	author = {Rowley, Clarence W. and MeziÄ‡, Igor and Bagheri, Shervin and Schlatter, Philipp and Henningson, Dan S.},
	month = dec,
	year = {2009},
	pages = {115--127},
}

@inproceedings{rahaman_spectral_2019,
	series = {Proceedings of {Machine} {Learning} {Research}},
	title = {On the {Spectral} {Bias} of {Neural} {Networks}},
	volume = {97},
	url = {https://proceedings.mlr.press/v97/rahaman19a.html},
	booktitle = {Proceedings of the 36th {International} {Conference} on {Machine} {Learning}},
	publisher = {PMLR},
	author = {Rahaman, Nasim and Baratin, Aristide and Arpit, Devansh and Draxler, Felix and Lin, Min and Hamprecht, Fred and Bengio, Yoshua and Courville, Aaron},
	editor = {Chaudhuri, Kamalika and Salakhutdinov, Ruslan},
	month = jun,
	year = {2019},
	pages = {5301--5310},
}
